
@book{newton1952opticks,
  title     = {Opticks: or, a treatise of the reflections, refractions, inflections and colours of light},
  author    = {Newton, Isaac},
  year      = {1952},
  publisher = {Courier Corporation},
}

@book{descartes1664monde,
  title     = {Le Monde de M. Descartes, ou le Trait{\'e} de la lumi{\`e}re et des autres principaux objets des sens},
  author    = {Descartes, Ren{\'e}},
  publisher = {M. Bobin et N. Le Gras},
  year      = {1664},
}

@book{huygens1703dioptrica,
  title     = {Dioptrica},
  author    = {Huygens, Christiaan},
  year      = {1703},
  note      = {Incluye la ley de Snell descubierta por Willebrord van Roijen Snel},
  publisher = {unknown}
}

